<record><leader>00000cas a22000007a 4500</leader><controlfield tag="001">15483344</controlfield><controlfield tag="008">870403d19151932wiudn ne      0    0eng d</controlfield><datafield ind1=" " ind2=" " tag="010"><subfield code="a">sn 87082419 </subfield></datafield><datafield ind1=" " ind2=" " tag="040"><subfield code="a">NPV</subfield><subfield code="b">eng</subfield><subfield code="c">NPV</subfield><subfield code="d">DEBBG</subfield><subfield code="d">OCLCQ</subfield></datafield><datafield ind1="7" ind2=" " tag="016"><subfield code="a">1250563-8</subfield><subfield code="2">DE-600</subfield></datafield><datafield ind1=" " ind2=" " tag="042"><subfield code="a">msc</subfield></datafield><datafield ind1="0" ind2="0" tag="245"><subfield code="a">Racine times-call.</subfield></datafield><datafield ind1=" " ind2=" " tag="260"><subfield code="a">Racine, Wis. :</subfield><subfield code="b">Call Pub. Co.,</subfield><subfield code="c">1915-1932.</subfield></datafield><datafield ind1=" " ind2=" " tag="300"><subfield code="a">v.</subfield></datafield><datafield ind1=" " ind2=" " tag="310"><subfield code="a">Daily (except Sunday)</subfield></datafield><datafield ind1="0" ind2=" " tag="362"><subfield code="a">Vol. 31, no. 90 (Nov. 22, 1915)-v. 49, no. 150 (June 25, 1932).</subfield></datafield><datafield ind1=" " ind2=" " tag="752"><subfield code="a">United States</subfield><subfield code="b">Wisconsin</subfield><subfield code="c">Racine</subfield><subfield code="d">Racine.</subfield></datafield><datafield ind1="0" ind2="4" tag="780"><subfield code="t">Racine daily call</subfield></datafield><datafield ind1="0" ind2="4" tag="780"><subfield code="t">Racine daily times (Racine, Wis. : 1900)</subfield><subfield code="w">(DLC)sn 87082418</subfield></datafield><datafield ind1="0" ind2="7" tag="785"><subfield code="t">Racine journal-news</subfield><subfield code="w">(DLC)sn 87082414</subfield></datafield><datafield ind1="0" ind2="7" tag="785"><subfield code="t">Racine journal-times</subfield><subfield code="w">(DLC)sn 86072135</subfield></datafield><datafield ind1="1" ind2=" " tag="029"><subfield code="a">DEBBG</subfield><subfield code="b">BV002594346</subfield></datafield></record>